<?xml version="1.0" encoding="UTF-8"?><record xmlns="http://www.loc.gov/MARC21/slim" xmlns:cinclude="http://apache.org/cocoon/include/1.0" xmlns:zs="http://www.loc.gov/zing/srw/">
  <leader>00432nz  a2200133n  4500</leader>
  <controlfield tag="001">no2006095856</controlfield>
  <controlfield tag="003">DLC</controlfield>
  <controlfield tag="005">20060918094838.0</controlfield>
  <controlfield tag="008">060911n| acannaabn          |n aaa     c</controlfield>
  <datafield tag="010" ind1=" " ind2=" ">
    <subfield code="a">no2006095856</subfield>
  </datafield>
  <datafield tag="035" ind1=" " ind2=" ">
    <subfield code="a">(OCoLC)oca07046900</subfield>
  </datafield>
  <datafield tag="040" ind1=" " ind2=" ">
    <subfield code="a">WU</subfield>
    <subfield code="b">eng</subfield>
    <subfield code="c">WU</subfield>
  </datafield>
  <datafield tag="100" ind1="1" ind2=" ">
    <subfield code="a">Wübbeke, Christina</subfield>
  </datafield>
  <datafield tag="670" ind1=" " ind2=" ">
    <subfield code="a">Der Übergang in den Rentenbezug im Spannungsfeld betriebliche Personal-und staatlicher Sozialpolitik, 2005:</subfield>
    <subfield code="b">t.p. (Christina Wübbeke)</subfield>
  </datafield>
</record>